<record><leader>02197cam a2200397 i 4500</leader><controlfield tag="001">6658938</controlfield><controlfield tag="003">OCoLC</controlfield><controlfield tag="005">20140725120430.0</controlfield><controlfield tag="008">130919s2015    caua     b    001 0 eng  </controlfield><datafield ind1=" " ind2=" " tag="010"><subfield code="a">  2013038067</subfield></datafield><datafield ind1="7" ind2=" " tag="016"><subfield code="a">016621651</subfield><subfield code="2">Uk</subfield></datafield><datafield ind1=" " ind2=" " tag="020"><subfield code="a">9781452257464 (pbk. : alk. paper)</subfield></datafield><datafield ind1=" " ind2=" " tag="020"><subfield code="a">1452257469 (pbk. : alk. paper)</subfield></datafield><datafield ind1=" " ind2=" " tag="020"><subfield code="z">9781483312453 (web pdf)</subfield></datafield><datafield ind1=" " ind2=" " tag="035"><subfield code="a">ocn858778345</subfield></datafield><datafield ind1=" " ind2=" " tag="040"><subfield code="a">DLC</subfield><subfield code="b">eng</subfield><subfield code="e">rda</subfield><subfield code="c">DLC</subfield><subfield code="d">YDX</subfield><subfield code="d">OCLCO</subfield><subfield code="d">BTCTA</subfield><subfield code="d">YDXCP</subfield><subfield code="d">UKMGB</subfield><subfield code="d">MNW</subfield><subfield code="d">UAB</subfield></datafield><datafield ind1=" " ind2=" " tag="042"><subfield code="a">pcc</subfield></datafield><datafield ind1="0" ind2="0" tag="050"><subfield code="a">LB1027.5</subfield><subfield code="b">.S85313 2015</subfield></datafield><datafield ind1="0" ind2="0" tag="082"><subfield code="a">371.4/22</subfield><subfield code="2">23</subfield></datafield><datafield ind1=" " ind2=" " tag="090"><subfield code="a">LB 1027.5 S85313 2015</subfield><subfield code="b">AEU</subfield></datafield><datafield ind1="1" ind2=" " tag="100"><subfield code="a">Studer, Jeannine R.,</subfield><subfield code="e">author.</subfield></datafield><datafield ind1="1" ind2="4" tag="245"><subfield code="a">The essential school counselor in a changing society /</subfield><subfield code="c">Jeannine R. Studer, University of Tennessee, Knoxville.</subfield></datafield><datafield ind1=" " ind2="1" tag="264"><subfield code="a">Los Angeles :</subfield><subfield code="b">SAGE,</subfield><subfield code="c">[2015]</subfield></datafield><datafield ind1=" " ind2="4" tag="264"><subfield code="c">&#169;2015</subfield></datafield><datafield ind1=" " ind2=" " tag="300"><subfield code="a">xxvi, 444 pages :</subfield><subfield code="b">illustrations ;</subfield><subfield code="c">24 cm.</subfield></datafield><datafield ind1=" " ind2=" " tag="336"><subfield code="a">text</subfield><subfield code="2">rdacontent</subfield></datafield><datafield ind1=" " ind2=" " tag="337"><subfield code="a">unmediated</subfield><subfield code="2">rdamedia</subfield></datafield><datafield ind1=" " ind2=" " tag="338"><subfield code="a">volume</subfield><subfield code="2">rdacarrier</subfield></datafield><datafield ind1=" " ind2=" " tag="504"><subfield code="a">Includes bibliographical references and index.</subfield></datafield><datafield ind1="0" ind2=" " tag="505"><subfield code="a">Foundations of school counseling. From guidance worker to professional school counselor -- The school counselor and ethical and legal issues -- Comprehensive and development school counseling programs -- The school counselor's role in assessment and research -- Counseling, intervention, and prevention. The school counselor as a group leader and facilitator -- Individual counseling in the school environment -- The school counselor's role in crisis counseling -- The school counselor and career counseling -- Enhancing academics through a positive school culture. The school counselor's role in academic achievement -- Developmental and multicultural issues of school-age youth -- The school counselor as an advocate and leader -- The school counselor as consultant and collaborator.</subfield></datafield><datafield ind1=" " ind2=" " tag="596"><subfield code="a">41</subfield></datafield><datafield ind1=" " ind2="0" tag="650"><subfield code="a">Educational counseling.</subfield></datafield><datafield ind1=" " ind2=" " tag="948"><subfield code="h">NO HOLDINGS IN IG$ - 29 OTHER HOLDINGS</subfield></datafield><datafield ind1=" " ind2=" " tag="949"><subfield code="a">LB 1027.5 S85313 2015</subfield><subfield code="c">1</subfield><subfield code="h">UAED-B</subfield><subfield code="i">0162035178787</subfield></datafield><datafield ind1=" " ind2=" " tag="994"><subfield code="a">Z0</subfield><subfield code="b">IG$</subfield></datafield><datafield ind1=" " ind2=" " tag="926"><subfield code="a">LB 1027.5 S85313 2015</subfield><subfield code="w">LC</subfield><subfield code="c">1</subfield><subfield code="i">0162035178787</subfield><subfield code="d">4/3/2017</subfield><subfield code="e">4/3/2017</subfield><subfield code="k">CHECKEDOUT</subfield><subfield code="l">FLOOR_2</subfield><subfield code="m">UAEDUC</subfield><subfield code="n">2</subfield><subfield code="p">$150.00</subfield><subfield code="r">M</subfield><subfield code="s">Y</subfield><subfield code="t">BOOK</subfield><subfield code="u">8/11/2014</subfield></datafield></record>